%YAML 1.1
%TAG !u! tag:unity3d.com,2011:
--- !u!29 &1
OcclusionCullingSettings:
  m_ObjectHideFlags: 0
  serializedVersion: 2
  m_OcclusionBakeSettings:
    smallestOccluder: 5
    smallestHole: 0.25
    backfaceThreshold: 100
  m_SceneGUID: 00000000000000000000000000000000
  m_OcclusionCullingData: {fileID: 0}
--- !u!104 &2
RenderSettings:
  m_ObjectHideFlags: 0
  serializedVersion: 9
  m_Fog: 0
  m_FogColor: {r: 0.5, g: 0.5, b: 0.5, a: 1}
  m_FogMode: 3
  m_FogDensity: 0.01
  m_LinearFogStart: 0
  m_LinearFogEnd: 300
  m_AmbientSkyColor: {r: 0.212, g: 0.227, b: 0.259, a: 1}
  m_AmbientEquatorColor: {r: 0.114, g: 0.125, b: 0.133, a: 1}
  m_AmbientGroundColor: {r: 0.047, g: 0.043, b: 0.035, a: 1}
  m_AmbientIntensity: 1
  m_AmbientMode: 3
  m_SubtractiveShadowColor: {r: 0.42, g: 0.478, b: 0.627, a: 1}
  m_SkyboxMaterial: {fileID: 0}
  m_HaloStrength: 0.5
  m_FlareStrength: 1
  m_FlareFadeSpeed: 3
  m_HaloTexture: {fileID: 0}
  m_SpotCookie: {fileID: 10001, guid: 0000000000000000e000000000000000, type: 0}
  m_DefaultReflectionMode: 0
  m_DefaultReflectionResolution: 128
  m_ReflectionBounces: 1
  m_ReflectionIntensity: 1
  m_CustomReflection: {fileID: 0}
  m_Sun: {fileID: 0}
  m_IndirectSpecularColor: {r: 0, g: 0, b: 0, a: 1}
  m_UseRadianceAmbientProbe: 0
--- !u!157 &3
LightmapSettings:
  m_ObjectHideFlags: 0
  serializedVersion: 11
  m_GIWorkflowMode: 1
  m_GISettings:
    serializedVersion: 2
    m_BounceScale: 1
    m_IndirectOutputScale: 1
    m_AlbedoBoost: 1
    m_EnvironmentLightingMode: 0
    m_EnableBakedLightmaps: 0
    m_EnableRealtimeLightmaps: 0
  m_LightmapEditorSettings:
    serializedVersion: 10
    m_Resolution: 2
    m_BakeResolution: 40
    m_AtlasSize: 1024
    m_AO: 0
    m_AOMaxDistance: 1
    m_CompAOExponent: 1
    m_CompAOExponentDirect: 0
    m_Padding: 2
    m_LightmapParameters: {fileID: 0}
    m_LightmapsBakeMode: 1
    m_TextureCompression: 1
    m_FinalGather: 0
    m_FinalGatherFiltering: 1
    m_FinalGatherRayCount: 256
    m_ReflectionCompression: 2
    m_MixedBakeMode: 2
    m_BakeBackend: 0
    m_PVRSampling: 1
    m_PVRDirectSampleCount: 32
    m_PVRSampleCount: 500
    m_PVRBounces: 2
    m_PVRFilterTypeDirect: 0
    m_PVRFilterTypeIndirect: 0
    m_PVRFilterTypeAO: 0
    m_PVRFilteringMode: 1
    m_PVRCulling: 1
    m_PVRFilteringGaussRadiusDirect: 1
    m_PVRFilteringGaussRadiusIndirect: 5
    m_PVRFilteringGaussRadiusAO: 2
    m_PVRFilteringAtrousPositionSigmaDirect: 0.5
    m_PVRFilteringAtrousPositionSigmaIndirect: 2
    m_PVRFilteringAtrousPositionSigmaAO: 1
    m_ShowResolutionOverlay: 1
  m_LightingDataAsset: {fileID: 0}
  m_UseShadowmask: 1
--- !u!196 &4
NavMeshSettings:
  serializedVersion: 2
  m_ObjectHideFlags: 0
  m_BuildSettings:
    serializedVersion: 2
    agentTypeID: 0
    agentRadius: 0.5
    agentHeight: 2
    agentSlope: 45
    agentClimb: 0.4
    ledgeDropHeight: 0
    maxJumpAcrossDistance: 0
    minRegionArea: 2
    manualCellSize: 0
    cellSize: 0.16666667
    manualTileSize: 0
    tileSize: 256
    accuratePlacement: 0
    debug:
      m_Flags: 0
  m_NavMeshData: {fileID: 0}
--- !u!1001 &199143155
PrefabInstance:
  m_ObjectHideFlags: 0
  serializedVersion: 2
  m_Modification:
    m_TransformParent: {fileID: 1203442659}
    m_Modifications:
    - target: {fileID: 6151021632861467192, guid: 41e2ef31e7c4a4a178559d3214ca90c1,
        type: 3}
      propertyPath: m_Name
      value: Wall (3)
      objectReference: {fileID: 0}
    - target: {fileID: 6151021632861467175, guid: 41e2ef31e7c4a4a178559d3214ca90c1,
        type: 3}
      propertyPath: m_LocalPosition.x
      value: 0.03
      objectReference: {fileID: 0}
    - target: {fileID: 6151021632861467175, guid: 41e2ef31e7c4a4a178559d3214ca90c1,
        type: 3}
      propertyPath: m_LocalPosition.y
      value: -13.62
      objectReference: {fileID: 0}
    - target: {fileID: 6151021632861467175, guid: 41e2ef31e7c4a4a178559d3214ca90c1,
        type: 3}
      propertyPath: m_LocalPosition.z
      value: -0.2113544
      objectReference: {fileID: 0}
    - target: {fileID: 6151021632861467175, guid: 41e2ef31e7c4a4a178559d3214ca90c1,
        type: 3}
      propertyPath: m_LocalRotation.x
      value: 0
      objectReference: {fileID: 0}
    - target: {fileID: 6151021632861467175, guid: 41e2ef31e7c4a4a178559d3214ca90c1,
        type: 3}
      propertyPath: m_LocalRotation.y
      value: 0
      objectReference: {fileID: 0}
    - target: {fileID: 6151021632861467175, guid: 41e2ef31e7c4a4a178559d3214ca90c1,
        type: 3}
      propertyPath: m_LocalRotation.z
      value: 0.7071068
      objectReference: {fileID: 0}
    - target: {fileID: 6151021632861467175, guid: 41e2ef31e7c4a4a178559d3214ca90c1,
        type: 3}
      propertyPath: m_LocalRotation.w
      value: 0.7071068
      objectReference: {fileID: 0}
    - target: {fileID: 6151021632861467175, guid: 41e2ef31e7c4a4a178559d3214ca90c1,
        type: 3}
      propertyPath: m_RootOrder
      value: 3
      objectReference: {fileID: 0}
    - target: {fileID: 6151021632861467175, guid: 41e2ef31e7c4a4a178559d3214ca90c1,
        type: 3}
      propertyPath: m_LocalEulerAnglesHint.x
      value: 0
      objectReference: {fileID: 0}
    - target: {fileID: 6151021632861467175, guid: 41e2ef31e7c4a4a178559d3214ca90c1,
        type: 3}
      propertyPath: m_LocalEulerAnglesHint.y
      value: 0
      objectReference: {fileID: 0}
    - target: {fileID: 6151021632861467175, guid: 41e2ef31e7c4a4a178559d3214ca90c1,
        type: 3}
      propertyPath: m_LocalEulerAnglesHint.z
      value: 90
      objectReference: {fileID: 0}
    - target: {fileID: 6151021632861467175, guid: 41e2ef31e7c4a4a178559d3214ca90c1,
        type: 3}
      propertyPath: m_LocalScale.y
      value: 49.588306
      objectReference: {fileID: 0}
    m_RemovedComponents: []
  m_SourcePrefab: {fileID: 100100000, guid: 41e2ef31e7c4a4a178559d3214ca90c1, type: 3}
--- !u!4 &199143156 stripped
Transform:
  m_CorrespondingSourceObject: {fileID: 6151021632861467175, guid: 41e2ef31e7c4a4a178559d3214ca90c1,
    type: 3}
  m_PrefabInstance: {fileID: 199143155}
  m_PrefabAsset: {fileID: 0}
--- !u!1001 &288630555
PrefabInstance:
  m_ObjectHideFlags: 0
  serializedVersion: 2
  m_Modification:
    m_TransformParent: {fileID: 0}
    m_Modifications:
    - target: {fileID: 7032853640288024347, guid: b17f0953710a146af846f60731d52e26,
        type: 3}
      propertyPath: m_Name
      value: OrbitMovePoint Variant (1)
      objectReference: {fileID: 0}
    - target: {fileID: 7032853640288024346, guid: b17f0953710a146af846f60731d52e26,
        type: 3}
      propertyPath: m_LocalPosition.x
      value: 4.5
      objectReference: {fileID: 0}
    - target: {fileID: 7032853640288024346, guid: b17f0953710a146af846f60731d52e26,
        type: 3}
      propertyPath: m_LocalPosition.y
      value: 3.5
      objectReference: {fileID: 0}
    - target: {fileID: 7032853640288024346, guid: b17f0953710a146af846f60731d52e26,
        type: 3}
      propertyPath: m_LocalPosition.z
      value: 0
      objectReference: {fileID: 0}
    - target: {fileID: 7032853640288024346, guid: b17f0953710a146af846f60731d52e26,
        type: 3}
      propertyPath: m_LocalRotation.x
      value: 0
      objectReference: {fileID: 0}
    - target: {fileID: 7032853640288024346, guid: b17f0953710a146af846f60731d52e26,
        type: 3}
      propertyPath: m_LocalRotation.y
      value: 0
      objectReference: {fileID: 0}
    - target: {fileID: 7032853640288024346, guid: b17f0953710a146af846f60731d52e26,
        type: 3}
      propertyPath: m_LocalRotation.z
      value: 0
      objectReference: {fileID: 0}
    - target: {fileID: 7032853640288024346, guid: b17f0953710a146af846f60731d52e26,
        type: 3}
      propertyPath: m_LocalRotation.w
      value: 1
      objectReference: {fileID: 0}
    - target: {fileID: 7032853640288024346, guid: b17f0953710a146af846f60731d52e26,
        type: 3}
      propertyPath: m_RootOrder
      value: 4
      objectReference: {fileID: 0}
    - target: {fileID: 7032853640288024346, guid: b17f0953710a146af846f60731d52e26,
        type: 3}
      propertyPath: m_LocalEulerAnglesHint.x
      value: 0
      objectReference: {fileID: 0}
    - target: {fileID: 7032853640288024346, guid: b17f0953710a146af846f60731d52e26,
        type: 3}
      propertyPath: m_LocalEulerAnglesHint.y
      value: 0
      objectReference: {fileID: 0}
    - target: {fileID: 7032853640288024346, guid: b17f0953710a146af846f60731d52e26,
        type: 3}
      propertyPath: m_LocalEulerAnglesHint.z
      value: 0
      objectReference: {fileID: 0}
    m_RemovedComponents: []
  m_SourcePrefab: {fileID: 100100000, guid: b17f0953710a146af846f60731d52e26, type: 3}
--- !u!1001 &309643467
PrefabInstance:
  m_ObjectHideFlags: 0
  serializedVersion: 2
  m_Modification:
    m_TransformParent: {fileID: 0}
    m_Modifications:
    - target: {fileID: 7032853640288024347, guid: b17f0953710a146af846f60731d52e26,
        type: 3}
      propertyPath: m_Name
      value: OrbitMovePoint Variant (3)
      objectReference: {fileID: 0}
    - target: {fileID: 7032853640288024346, guid: b17f0953710a146af846f60731d52e26,
        type: 3}
      propertyPath: m_LocalPosition.x
      value: -4.5
      objectReference: {fileID: 0}
    - target: {fileID: 7032853640288024346, guid: b17f0953710a146af846f60731d52e26,
        type: 3}
      propertyPath: m_LocalPosition.y
      value: 3.5
      objectReference: {fileID: 0}
    - target: {fileID: 7032853640288024346, guid: b17f0953710a146af846f60731d52e26,
        type: 3}
      propertyPath: m_LocalPosition.z
      value: 0
      objectReference: {fileID: 0}
    - target: {fileID: 7032853640288024346, guid: b17f0953710a146af846f60731d52e26,
        type: 3}
      propertyPath: m_LocalRotation.x
      value: 0
      objectReference: {fileID: 0}
    - target: {fileID: 7032853640288024346, guid: b17f0953710a146af846f60731d52e26,
        type: 3}
      propertyPath: m_LocalRotation.y
      value: 0
      objectReference: {fileID: 0}
    - target: {fileID: 7032853640288024346, guid: b17f0953710a146af846f60731d52e26,
        type: 3}
      propertyPath: m_LocalRotation.z
      value: 0
      objectReference: {fileID: 0}
    - target: {fileID: 7032853640288024346, guid: b17f0953710a146af846f60731d52e26,
        type: 3}
      propertyPath: m_LocalRotation.w
      value: 1
      objectReference: {fileID: 0}
    - target: {fileID: 7032853640288024346, guid: b17f0953710a146af846f60731d52e26,
        type: 3}
      propertyPath: m_RootOrder
      value: 2
      objectReference: {fileID: 0}
    - target: {fileID: 7032853640288024346, guid: b17f0953710a146af846f60731d52e26,
        type: 3}
      propertyPath: m_LocalEulerAnglesHint.x
      value: 0
      objectReference: {fileID: 0}
    - target: {fileID: 7032853640288024346, guid: b17f0953710a146af846f60731d52e26,
        type: 3}
      propertyPath: m_LocalEulerAnglesHint.y
      value: 0
      objectReference: {fileID: 0}
    - target: {fileID: 7032853640288024346, guid: b17f0953710a146af846f60731d52e26,
        type: 3}
      propertyPath: m_LocalEulerAnglesHint.z
      value: 0
      objectReference: {fileID: 0}
    m_RemovedComponents: []
  m_SourcePrefab: {fileID: 100100000, guid: b17f0953710a146af846f60731d52e26, type: 3}
--- !u!1001 &460574003
PrefabInstance:
  m_ObjectHideFlags: 0
  serializedVersion: 2
  m_Modification:
    m_TransformParent: {fileID: 0}
    m_Modifications:
    - target: {fileID: 82607428625363642, guid: 7f310a3f082154c8d8fcc4b69c41e50c,
        type: 3}
      propertyPath: m_Name
      value: Moving (2)
      objectReference: {fileID: 0}
    - target: {fileID: 6922750985422139533, guid: 7f310a3f082154c8d8fcc4b69c41e50c,
        type: 3}
      propertyPath: m_LocalPosition.x
      value: 20
      objectReference: {fileID: 0}
    - target: {fileID: 6922750985422139533, guid: 7f310a3f082154c8d8fcc4b69c41e50c,
        type: 3}
      propertyPath: m_LocalPosition.y
      value: -3.5
      objectReference: {fileID: 0}
    - target: {fileID: 6922750985422139533, guid: 7f310a3f082154c8d8fcc4b69c41e50c,
        type: 3}
      propertyPath: m_LocalPosition.z
      value: 0
      objectReference: {fileID: 0}
    - target: {fileID: 6922750985422139533, guid: 7f310a3f082154c8d8fcc4b69c41e50c,
        type: 3}
      propertyPath: m_LocalRotation.x
      value: 0
      objectReference: {fileID: 0}
    - target: {fileID: 6922750985422139533, guid: 7f310a3f082154c8d8fcc4b69c41e50c,
        type: 3}
      propertyPath: m_LocalRotation.y
      value: 0
      objectReference: {fileID: 0}
    - target: {fileID: 6922750985422139533, guid: 7f310a3f082154c8d8fcc4b69c41e50c,
        type: 3}
      propertyPath: m_LocalRotation.z
      value: 0
      objectReference: {fileID: 0}
    - target: {fileID: 6922750985422139533, guid: 7f310a3f082154c8d8fcc4b69c41e50c,
        type: 3}
      propertyPath: m_LocalRotation.w
      value: 1
      objectReference: {fileID: 0}
    - target: {fileID: 6922750985422139533, guid: 7f310a3f082154c8d8fcc4b69c41e50c,
        type: 3}
      propertyPath: m_RootOrder
      value: 14
      objectReference: {fileID: 0}
    - target: {fileID: 6922750985422139533, guid: 7f310a3f082154c8d8fcc4b69c41e50c,
        type: 3}
      propertyPath: m_LocalEulerAnglesHint.x
      value: 0
      objectReference: {fileID: 0}
    - target: {fileID: 6922750985422139533, guid: 7f310a3f082154c8d8fcc4b69c41e50c,
        type: 3}
      propertyPath: m_LocalEulerAnglesHint.y
      value: 0
      objectReference: {fileID: 0}
    - target: {fileID: 6922750985422139533, guid: 7f310a3f082154c8d8fcc4b69c41e50c,
        type: 3}
      propertyPath: m_LocalEulerAnglesHint.z
      value: 0
      objectReference: {fileID: 0}
    - target: {fileID: 6922750985422139533, guid: 7f310a3f082154c8d8fcc4b69c41e50c,
        type: 3}
      propertyPath: m_LocalScale.y
      value: 6.8153124
      objectReference: {fileID: 0}
    - target: {fileID: 6922750985422139533, guid: 7f310a3f082154c8d8fcc4b69c41e50c,
        type: 3}
      propertyPath: m_LocalScale.x
      value: 0.775
      objectReference: {fileID: 0}
    - target: {fileID: 8948983915725335654, guid: 7f310a3f082154c8d8fcc4b69c41e50c,
        type: 3}
      propertyPath: m_BodyType
      value: 1
      objectReference: {fileID: 0}
    m_RemovedComponents: []
  m_SourcePrefab: {fileID: 100100000, guid: 7f310a3f082154c8d8fcc4b69c41e50c, type: 3}
--- !u!1001 &462645874
PrefabInstance:
  m_ObjectHideFlags: 0
  serializedVersion: 2
  m_Modification:
    m_TransformParent: {fileID: 0}
    m_Modifications:
    - target: {fileID: 7032853640288024347, guid: b17f0953710a146af846f60731d52e26,
        type: 3}
      propertyPath: m_Name
      value: OrbitMovePoint Variant (8)
      objectReference: {fileID: 0}
    - target: {fileID: 7032853640288024346, guid: b17f0953710a146af846f60731d52e26,
        type: 3}
      propertyPath: m_LocalPosition.x
      value: -15
      objectReference: {fileID: 0}
    - target: {fileID: 7032853640288024346, guid: b17f0953710a146af846f60731d52e26,
        type: 3}
      propertyPath: m_LocalPosition.y
      value: 3.5
      objectReference: {fileID: 0}
    - target: {fileID: 7032853640288024346, guid: b17f0953710a146af846f60731d52e26,
        type: 3}
      propertyPath: m_LocalPosition.z
      value: 0
      objectReference: {fileID: 0}
    - target: {fileID: 7032853640288024346, guid: b17f0953710a146af846f60731d52e26,
        type: 3}
      propertyPath: m_LocalRotation.x
      value: 0
      objectReference: {fileID: 0}
    - target: {fileID: 7032853640288024346, guid: b17f0953710a146af846f60731d52e26,
        type: 3}
      propertyPath: m_LocalRotation.y
      value: 0
      objectReference: {fileID: 0}
    - target: {fileID: 7032853640288024346, guid: b17f0953710a146af846f60731d52e26,
        type: 3}
      propertyPath: m_LocalRotation.z
      value: 0
      objectReference: {fileID: 0}
    - target: {fileID: 7032853640288024346, guid: b17f0953710a146af846f60731d52e26,
        type: 3}
      propertyPath: m_LocalRotation.w
      value: 1
      objectReference: {fileID: 0}
    - target: {fileID: 7032853640288024346, guid: b17f0953710a146af846f60731d52e26,
        type: 3}
      propertyPath: m_RootOrder
      value: 19
      objectReference: {fileID: 0}
    - target: {fileID: 7032853640288024346, guid: b17f0953710a146af846f60731d52e26,
        type: 3}
      propertyPath: m_LocalEulerAnglesHint.x
      value: 0
      objectReference: {fileID: 0}
    - target: {fileID: 7032853640288024346, guid: b17f0953710a146af846f60731d52e26,
        type: 3}
      propertyPath: m_LocalEulerAnglesHint.y
      value: 0
      objectReference: {fileID: 0}
    - target: {fileID: 7032853640288024346, guid: b17f0953710a146af846f60731d52e26,
        type: 3}
      propertyPath: m_LocalEulerAnglesHint.z
      value: 0
      objectReference: {fileID: 0}
    m_RemovedComponents: []
  m_SourcePrefab: {fileID: 100100000, guid: b17f0953710a146af846f60731d52e26, type: 3}
--- !u!1001 &480859282
PrefabInstance:
  m_ObjectHideFlags: 0
  serializedVersion: 2
  m_Modification:
    m_TransformParent: {fileID: 0}
    m_Modifications:
    - target: {fileID: 7032853640288024347, guid: b17f0953710a146af846f60731d52e26,
        type: 3}
      propertyPath: m_Name
      value: OrbitMovePoint Variant
      objectReference: {fileID: 0}
    - target: {fileID: 7032853640288024346, guid: b17f0953710a146af846f60731d52e26,
        type: 3}
      propertyPath: m_LocalPosition.x
      value: -19.97
      objectReference: {fileID: 0}
    - target: {fileID: 7032853640288024346, guid: b17f0953710a146af846f60731d52e26,
        type: 3}
      propertyPath: m_LocalPosition.y
      value: -4.38
      objectReference: {fileID: 0}
    - target: {fileID: 7032853640288024346, guid: b17f0953710a146af846f60731d52e26,
        type: 3}
      propertyPath: m_LocalPosition.z
      value: 0
      objectReference: {fileID: 0}
    - target: {fileID: 7032853640288024346, guid: b17f0953710a146af846f60731d52e26,
        type: 3}
      propertyPath: m_LocalRotation.x
      value: 0
      objectReference: {fileID: 0}
    - target: {fileID: 7032853640288024346, guid: b17f0953710a146af846f60731d52e26,
        type: 3}
      propertyPath: m_LocalRotation.y
      value: 0
      objectReference: {fileID: 0}
    - target: {fileID: 7032853640288024346, guid: b17f0953710a146af846f60731d52e26,
        type: 3}
      propertyPath: m_LocalRotation.z
      value: 0
      objectReference: {fileID: 0}
    - target: {fileID: 7032853640288024346, guid: b17f0953710a146af846f60731d52e26,
        type: 3}
      propertyPath: m_LocalRotation.w
      value: 1
      objectReference: {fileID: 0}
    - target: {fileID: 7032853640288024346, guid: b17f0953710a146af846f60731d52e26,
        type: 3}
      propertyPath: m_RootOrder
      value: 5
      objectReference: {fileID: 0}
    - target: {fileID: 7032853640288024346, guid: b17f0953710a146af846f60731d52e26,
        type: 3}
      propertyPath: m_LocalEulerAnglesHint.x
      value: 0
      objectReference: {fileID: 0}
    - target: {fileID: 7032853640288024346, guid: b17f0953710a146af846f60731d52e26,
        type: 3}
      propertyPath: m_LocalEulerAnglesHint.y
      value: 0
      objectReference: {fileID: 0}
    - target: {fileID: 7032853640288024346, guid: b17f0953710a146af846f60731d52e26,
        type: 3}
      propertyPath: m_LocalEulerAnglesHint.z
      value: 0
      objectReference: {fileID: 0}
    m_RemovedComponents: []
  m_SourcePrefab: {fileID: 100100000, guid: b17f0953710a146af846f60731d52e26, type: 3}
--- !u!1 &519420028
GameObject:
  m_ObjectHideFlags: 0
  m_CorrespondingSourceObject: {fileID: 0}
  m_PrefabInstance: {fileID: 0}
  m_PrefabAsset: {fileID: 0}
  serializedVersion: 6
  m_Component:
  - component: {fileID: 519420032}
  - component: {fileID: 519420031}
  - component: {fileID: 519420029}
  m_Layer: 0
  m_Name: Main Camera
  m_TagString: MainCamera
  m_Icon: {fileID: 0}
  m_NavMeshLayer: 0
  m_StaticEditorFlags: 0
  m_IsActive: 1
--- !u!81 &519420029
AudioListener:
  m_ObjectHideFlags: 0
  m_CorrespondingSourceObject: {fileID: 0}
  m_PrefabInstance: {fileID: 0}
  m_PrefabAsset: {fileID: 0}
  m_GameObject: {fileID: 519420028}
  m_Enabled: 1
--- !u!20 &519420031
Camera:
  m_ObjectHideFlags: 0
  m_CorrespondingSourceObject: {fileID: 0}
  m_PrefabInstance: {fileID: 0}
  m_PrefabAsset: {fileID: 0}
  m_GameObject: {fileID: 519420028}
  m_Enabled: 1
  serializedVersion: 2
  m_ClearFlags: 2
  m_BackGroundColor: {r: 0.05660379, g: 0.05660379, b: 0.05660379, a: 0}
  m_projectionMatrixMode: 1
  m_SensorSize: {x: 36, y: 24}
  m_LensShift: {x: 0, y: 0}
  m_GateFitMode: 2
  m_FocalLength: 50
  m_NormalizedViewPortRect:
    serializedVersion: 2
    x: 0
    y: 0
    width: 1
    height: 1
  near clip plane: 0.3
  far clip plane: 1000
  field of view: 60
  orthographic: 1
  orthographic size: 13.7
  m_Depth: -1
  m_CullingMask:
    serializedVersion: 2
    m_Bits: 4294967295
  m_RenderingPath: -1
  m_TargetTexture: {fileID: 0}
  m_TargetDisplay: 0
  m_TargetEye: 0
  m_HDR: 1
  m_AllowMSAA: 0
  m_AllowDynamicResolution: 0
  m_ForceIntoRT: 0
  m_OcclusionCulling: 0
  m_StereoConvergence: 10
  m_StereoSeparation: 0.022
--- !u!4 &519420032
Transform:
  m_ObjectHideFlags: 0
  m_CorrespondingSourceObject: {fileID: 0}
  m_PrefabInstance: {fileID: 0}
  m_PrefabAsset: {fileID: 0}
  m_GameObject: {fileID: 519420028}
  m_LocalRotation: {x: -0, y: -0, z: -0, w: 1}
  m_LocalPosition: {x: 0, y: 0, z: -10}
  m_LocalScale: {x: 1, y: 1, z: 1}
  m_Children: []
  m_Father: {fileID: 2039053172}
  m_RootOrder: 0
  m_LocalEulerAnglesHint: {x: 0, y: 0, z: 0}
--- !u!1 &821223404 stripped
GameObject:
  m_CorrespondingSourceObject: {fileID: 82607428625363642, guid: 7f310a3f082154c8d8fcc4b69c41e50c,
    type: 3}
  m_PrefabInstance: {fileID: 944714798}
  m_PrefabAsset: {fileID: 0}
--- !u!95 &821223405
Animator:
  serializedVersion: 3
  m_ObjectHideFlags: 0
  m_CorrespondingSourceObject: {fileID: 0}
  m_PrefabInstance: {fileID: 0}
  m_PrefabAsset: {fileID: 0}
  m_GameObject: {fileID: 821223404}
  m_Enabled: 1
  m_Avatar: {fileID: 0}
  m_Controller: {fileID: 9100000, guid: 9ae804fed4d9146c9b45a4e8437155c1, type: 2}
  m_CullingMode: 0
  m_UpdateMode: 0
  m_ApplyRootMotion: 0
  m_LinearVelocityBlending: 0
  m_WarningMessage: 
  m_HasTransformHierarchy: 1
  m_AllowConstantClipSamplingOptimization: 1
  m_KeepAnimatorControllerStateOnDisable: 0
--- !u!1001 &839875240
PrefabInstance:
  m_ObjectHideFlags: 0
  serializedVersion: 2
  m_Modification:
    m_TransformParent: {fileID: 1203442659}
    m_Modifications:
    - target: {fileID: 6151021632861467192, guid: 41e2ef31e7c4a4a178559d3214ca90c1,
        type: 3}
      propertyPath: m_Name
      value: Wall (4)
      objectReference: {fileID: 0}
    - target: {fileID: 6151021632861467175, guid: 41e2ef31e7c4a4a178559d3214ca90c1,
        type: 3}
      propertyPath: m_LocalPosition.x
      value: 0.234
      objectReference: {fileID: 0}
    - target: {fileID: 6151021632861467175, guid: 41e2ef31e7c4a4a178559d3214ca90c1,
        type: 3}
      propertyPath: m_LocalPosition.y
      value: 13.32
      objectReference: {fileID: 0}
    - target: {fileID: 6151021632861467175, guid: 41e2ef31e7c4a4a178559d3214ca90c1,
        type: 3}
      propertyPath: m_LocalPosition.z
      value: -0.2113544
      objectReference: {fileID: 0}
    - target: {fileID: 6151021632861467175, guid: 41e2ef31e7c4a4a178559d3214ca90c1,
        type: 3}
      propertyPath: m_LocalRotation.x
      value: -0
      objectReference: {fileID: 0}
    - target: {fileID: 6151021632861467175, guid: 41e2ef31e7c4a4a178559d3214ca90c1,
        type: 3}
      propertyPath: m_LocalRotation.y
      value: -0
      objectReference: {fileID: 0}
    - target: {fileID: 6151021632861467175, guid: 41e2ef31e7c4a4a178559d3214ca90c1,
        type: 3}
      propertyPath: m_LocalRotation.z
      value: 0.7071068
      objectReference: {fileID: 0}
    - target: {fileID: 6151021632861467175, guid: 41e2ef31e7c4a4a178559d3214ca90c1,
        type: 3}
      propertyPath: m_LocalRotation.w
      value: 0.7071068
      objectReference: {fileID: 0}
    - target: {fileID: 6151021632861467175, guid: 41e2ef31e7c4a4a178559d3214ca90c1,
        type: 3}
      propertyPath: m_RootOrder
      value: 4
      objectReference: {fileID: 0}
    - target: {fileID: 6151021632861467175, guid: 41e2ef31e7c4a4a178559d3214ca90c1,
        type: 3}
      propertyPath: m_LocalEulerAnglesHint.x
      value: 0
      objectReference: {fileID: 0}
    - target: {fileID: 6151021632861467175, guid: 41e2ef31e7c4a4a178559d3214ca90c1,
        type: 3}
      propertyPath: m_LocalEulerAnglesHint.y
      value: 0
      objectReference: {fileID: 0}
    - target: {fileID: 6151021632861467175, guid: 41e2ef31e7c4a4a178559d3214ca90c1,
        type: 3}
      propertyPath: m_LocalEulerAnglesHint.z
      value: 90
      objectReference: {fileID: 0}
    - target: {fileID: 6151021632861467175, guid: 41e2ef31e7c4a4a178559d3214ca90c1,
        type: 3}
      propertyPath: m_LocalScale.y
      value: 49.28698
      objectReference: {fileID: 0}
    - target: {fileID: 6151021632861467175, guid: 41e2ef31e7c4a4a178559d3214ca90c1,
        type: 3}
      propertyPath: m_LocalScale.x
      value: 1.0000005
      objectReference: {fileID: 0}
    m_RemovedComponents: []
  m_SourcePrefab: {fileID: 100100000, guid: 41e2ef31e7c4a4a178559d3214ca90c1, type: 3}
--- !u!4 &839875241 stripped
Transform:
  m_CorrespondingSourceObject: {fileID: 6151021632861467175, guid: 41e2ef31e7c4a4a178559d3214ca90c1,
    type: 3}
  m_PrefabInstance: {fileID: 839875240}
  m_PrefabAsset: {fileID: 0}
--- !u!1001 &942272645
PrefabInstance:
  m_ObjectHideFlags: 0
  serializedVersion: 2
  m_Modification:
    m_TransformParent: {fileID: 1203442659}
    m_Modifications:
    - target: {fileID: 6151021632861467192, guid: 41e2ef31e7c4a4a178559d3214ca90c1,
        type: 3}
      propertyPath: m_Name
      value: Wall (5)
      objectReference: {fileID: 0}
    - target: {fileID: 6151021632861467175, guid: 41e2ef31e7c4a4a178559d3214ca90c1,
        type: 3}
      propertyPath: m_LocalPosition.x
      value: 31.07
      objectReference: {fileID: 0}
    - target: {fileID: 6151021632861467175, guid: 41e2ef31e7c4a4a178559d3214ca90c1,
        type: 3}
      propertyPath: m_LocalPosition.y
      value: -6.38
      objectReference: {fileID: 0}
    - target: {fileID: 6151021632861467175, guid: 41e2ef31e7c4a4a178559d3214ca90c1,
        type: 3}
      propertyPath: m_LocalPosition.z
      value: -0.2113544
      objectReference: {fileID: 0}
    - target: {fileID: 6151021632861467175, guid: 41e2ef31e7c4a4a178559d3214ca90c1,
        type: 3}
      propertyPath: m_LocalRotation.x
      value: -0
      objectReference: {fileID: 0}
    - target: {fileID: 6151021632861467175, guid: 41e2ef31e7c4a4a178559d3214ca90c1,
        type: 3}
      propertyPath: m_LocalRotation.y
      value: -0
      objectReference: {fileID: 0}
    - target: {fileID: 6151021632861467175, guid: 41e2ef31e7c4a4a178559d3214ca90c1,
        type: 3}
      propertyPath: m_LocalRotation.z
      value: -0
      objectReference: {fileID: 0}
    - target: {fileID: 6151021632861467175, guid: 41e2ef31e7c4a4a178559d3214ca90c1,
        type: 3}
      propertyPath: m_LocalRotation.w
      value: 1
      objectReference: {fileID: 0}
    - target: {fileID: 6151021632861467175, guid: 41e2ef31e7c4a4a178559d3214ca90c1,
        type: 3}
      propertyPath: m_RootOrder
      value: 5
      objectReference: {fileID: 0}
    - target: {fileID: 6151021632861467175, guid: 41e2ef31e7c4a4a178559d3214ca90c1,
        type: 3}
      propertyPath: m_LocalEulerAnglesHint.x
      value: 0
      objectReference: {fileID: 0}
    - target: {fileID: 6151021632861467175, guid: 41e2ef31e7c4a4a178559d3214ca90c1,
        type: 3}
      propertyPath: m_LocalEulerAnglesHint.y
      value: 0
      objectReference: {fileID: 0}
    - target: {fileID: 6151021632861467175, guid: 41e2ef31e7c4a4a178559d3214ca90c1,
        type: 3}
      propertyPath: m_LocalEulerAnglesHint.z
      value: 0
      objectReference: {fileID: 0}
    - target: {fileID: 6151021632861467175, guid: 41e2ef31e7c4a4a178559d3214ca90c1,
        type: 3}
      propertyPath: m_LocalScale.y
      value: 10.670774
      objectReference: {fileID: 0}
    m_RemovedComponents: []
  m_SourcePrefab: {fileID: 100100000, guid: 41e2ef31e7c4a4a178559d3214ca90c1, type: 3}
--- !u!4 &942272646 stripped
Transform:
  m_CorrespondingSourceObject: {fileID: 6151021632861467175, guid: 41e2ef31e7c4a4a178559d3214ca90c1,
    type: 3}
  m_PrefabInstance: {fileID: 942272645}
  m_PrefabAsset: {fileID: 0}
--- !u!1001 &944714798
PrefabInstance:
  m_ObjectHideFlags: 0
  serializedVersion: 2
  m_Modification:
    m_TransformParent: {fileID: 0}
    m_Modifications:
    - target: {fileID: 82607428625363642, guid: 7f310a3f082154c8d8fcc4b69c41e50c,
        type: 3}
      propertyPath: m_Name
      value: Moving (1)
      objectReference: {fileID: 0}
    - target: {fileID: 6922750985422139533, guid: 7f310a3f082154c8d8fcc4b69c41e50c,
        type: 3}
      propertyPath: m_LocalPosition.x
      value: 0
      objectReference: {fileID: 0}
    - target: {fileID: 6922750985422139533, guid: 7f310a3f082154c8d8fcc4b69c41e50c,
        type: 3}
      propertyPath: m_LocalPosition.y
      value: -3.5
      objectReference: {fileID: 0}
    - target: {fileID: 6922750985422139533, guid: 7f310a3f082154c8d8fcc4b69c41e50c,
        type: 3}
      propertyPath: m_LocalPosition.z
      value: 0
      objectReference: {fileID: 0}
    - target: {fileID: 6922750985422139533, guid: 7f310a3f082154c8d8fcc4b69c41e50c,
        type: 3}
      propertyPath: m_LocalRotation.x
      value: 0
      objectReference: {fileID: 0}
    - target: {fileID: 6922750985422139533, guid: 7f310a3f082154c8d8fcc4b69c41e50c,
        type: 3}
      propertyPath: m_LocalRotation.y
      value: 0
      objectReference: {fileID: 0}
    - target: {fileID: 6922750985422139533, guid: 7f310a3f082154c8d8fcc4b69c41e50c,
        type: 3}
      propertyPath: m_LocalRotation.z
      value: 0
      objectReference: {fileID: 0}
    - target: {fileID: 6922750985422139533, guid: 7f310a3f082154c8d8fcc4b69c41e50c,
        type: 3}
      propertyPath: m_LocalRotation.w
      value: 1
      objectReference: {fileID: 0}
    - target: {fileID: 6922750985422139533, guid: 7f310a3f082154c8d8fcc4b69c41e50c,
        type: 3}
      propertyPath: m_RootOrder
      value: 13
      objectReference: {fileID: 0}
    - target: {fileID: 6922750985422139533, guid: 7f310a3f082154c8d8fcc4b69c41e50c,
        type: 3}
      propertyPath: m_LocalEulerAnglesHint.x
      value: 0
      objectReference: {fileID: 0}
    - target: {fileID: 6922750985422139533, guid: 7f310a3f082154c8d8fcc4b69c41e50c,
        type: 3}
      propertyPath: m_LocalEulerAnglesHint.y
      value: 0
      objectReference: {fileID: 0}
    - target: {fileID: 6922750985422139533, guid: 7f310a3f082154c8d8fcc4b69c41e50c,
        type: 3}
      propertyPath: m_LocalEulerAnglesHint.z
      value: 0
      objectReference: {fileID: 0}
    - target: {fileID: 6922750985422139533, guid: 7f310a3f082154c8d8fcc4b69c41e50c,
        type: 3}
      propertyPath: m_LocalScale.y
      value: 6.8153124
      objectReference: {fileID: 0}
    - target: {fileID: 6922750985422139533, guid: 7f310a3f082154c8d8fcc4b69c41e50c,
        type: 3}
      propertyPath: m_LocalScale.x
      value: 0.775
      objectReference: {fileID: 0}
    - target: {fileID: 8948983915725335654, guid: 7f310a3f082154c8d8fcc4b69c41e50c,
        type: 3}
      propertyPath: m_BodyType
      value: 1
      objectReference: {fileID: 0}
    - target: {fileID: 8948983915725335654, guid: 7f310a3f082154c8d8fcc4b69c41e50c,
        type: 3}
      propertyPath: m_UseFullKinematicContacts
      value: 1
      objectReference: {fileID: 0}
    m_RemovedComponents: []
  m_SourcePrefab: {fileID: 100100000, guid: 7f310a3f082154c8d8fcc4b69c41e50c, type: 3}
--- !u!1001 &1055445419
PrefabInstance:
  m_ObjectHideFlags: 0
  serializedVersion: 2
  m_Modification:
    m_TransformParent: {fileID: 0}
    m_Modifications:
    - target: {fileID: 7032853640288024347, guid: b17f0953710a146af846f60731d52e26,
        type: 3}
      propertyPath: m_Name
      value: OrbitMovePoint Variant (6)
      objectReference: {fileID: 0}
    - target: {fileID: 7032853640288024346, guid: b17f0953710a146af846f60731d52e26,
        type: 3}
      propertyPath: m_LocalPosition.x
      value: 10.09
      objectReference: {fileID: 0}
    - target: {fileID: 7032853640288024346, guid: b17f0953710a146af846f60731d52e26,
        type: 3}
      propertyPath: m_LocalPosition.y
      value: -4
      objectReference: {fileID: 0}
    - target: {fileID: 7032853640288024346, guid: b17f0953710a146af846f60731d52e26,
        type: 3}
      propertyPath: m_LocalPosition.z
      value: 0
      objectReference: {fileID: 0}
    - target: {fileID: 7032853640288024346, guid: b17f0953710a146af846f60731d52e26,
        type: 3}
      propertyPath: m_LocalRotation.x
      value: 0
      objectReference: {fileID: 0}
    - target: {fileID: 7032853640288024346, guid: b17f0953710a146af846f60731d52e26,
        type: 3}
      propertyPath: m_LocalRotation.y
      value: 0
      objectReference: {fileID: 0}
    - target: {fileID: 7032853640288024346, guid: b17f0953710a146af846f60731d52e26,
        type: 3}
      propertyPath: m_LocalRotation.z
      value: 0
      objectReference: {fileID: 0}
    - target: {fileID: 7032853640288024346, guid: b17f0953710a146af846f60731d52e26,
        type: 3}
      propertyPath: m_LocalRotation.w
      value: 1
      objectReference: {fileID: 0}
    - target: {fileID: 7032853640288024346, guid: b17f0953710a146af846f60731d52e26,
        type: 3}
      propertyPath: m_RootOrder
      value: 17
      objectReference: {fileID: 0}
    - target: {fileID: 7032853640288024346, guid: b17f0953710a146af846f60731d52e26,
        type: 3}
      propertyPath: m_LocalEulerAnglesHint.x
      value: 0
      objectReference: {fileID: 0}
    - target: {fileID: 7032853640288024346, guid: b17f0953710a146af846f60731d52e26,
        type: 3}
      propertyPath: m_LocalEulerAnglesHint.y
      value: 0
      objectReference: {fileID: 0}
    - target: {fileID: 7032853640288024346, guid: b17f0953710a146af846f60731d52e26,
        type: 3}
      propertyPath: m_LocalEulerAnglesHint.z
      value: 0
      objectReference: {fileID: 0}
    m_RemovedComponents: []
  m_SourcePrefab: {fileID: 100100000, guid: b17f0953710a146af846f60731d52e26, type: 3}
--- !u!1 &1128880662
GameObject:
  m_ObjectHideFlags: 0
  m_CorrespondingSourceObject: {fileID: 0}
  m_PrefabInstance: {fileID: 0}
  m_PrefabAsset: {fileID: 0}
  serializedVersion: 6
  m_Component:
  - component: {fileID: 1128880665}
  - component: {fileID: 1128880664}
  - component: {fileID: 1128880663}
  m_Layer: 0
  m_Name: EventSystem
  m_TagString: Untagged
  m_Icon: {fileID: 0}
  m_NavMeshLayer: 0
  m_StaticEditorFlags: 0
  m_IsActive: 1
--- !u!114 &1128880663
MonoBehaviour:
  m_ObjectHideFlags: 0
  m_CorrespondingSourceObject: {fileID: 0}
  m_PrefabInstance: {fileID: 0}
  m_PrefabAsset: {fileID: 0}
  m_GameObject: {fileID: 1128880662}
  m_Enabled: 1
  m_EditorHideFlags: 0
  m_Script: {fileID: 1077351063, guid: f70555f144d8491a825f0804e09c671c, type: 3}
  m_Name: 
  m_EditorClassIdentifier: 
  m_HorizontalAxis: Horizontal
  m_VerticalAxis: Vertical
  m_SubmitButton: Submit
  m_CancelButton: Cancel
  m_InputActionsPerSecond: 10
  m_RepeatDelay: 0.5
  m_ForceModuleActive: 0
--- !u!114 &1128880664
MonoBehaviour:
  m_ObjectHideFlags: 0
  m_CorrespondingSourceObject: {fileID: 0}
  m_PrefabInstance: {fileID: 0}
  m_PrefabAsset: {fileID: 0}
  m_GameObject: {fileID: 1128880662}
  m_Enabled: 1
  m_EditorHideFlags: 0
  m_Script: {fileID: -619905303, guid: f70555f144d8491a825f0804e09c671c, type: 3}
  m_Name: 
  m_EditorClassIdentifier: 
  m_FirstSelected: {fileID: 0}
  m_sendNavigationEvents: 1
  m_DragThreshold: 10
--- !u!4 &1128880665
Transform:
  m_ObjectHideFlags: 0
  m_CorrespondingSourceObject: {fileID: 0}
  m_PrefabInstance: {fileID: 0}
  m_PrefabAsset: {fileID: 0}
  m_GameObject: {fileID: 1128880662}
  m_LocalRotation: {x: 0, y: 0, z: 0, w: 1}
  m_LocalPosition: {x: 0, y: 0, z: 0}
  m_LocalScale: {x: 1, y: 1, z: 1}
  m_Children: []
  m_Father: {fileID: 0}
  m_RootOrder: 11
  m_LocalEulerAnglesHint: {x: 0, y: 0, z: 0}
--- !u!1001 &1196009024
PrefabInstance:
  m_ObjectHideFlags: 0
  serializedVersion: 2
  m_Modification:
    m_TransformParent: {fileID: 0}
    m_Modifications:
    - target: {fileID: 82607428625363642, guid: 7f310a3f082154c8d8fcc4b69c41e50c,
        type: 3}
      propertyPath: m_Name
      value: Moving
      objectReference: {fileID: 0}
    - target: {fileID: 6922750985422139533, guid: 7f310a3f082154c8d8fcc4b69c41e50c,
        type: 3}
      propertyPath: m_LocalPosition.x
      value: -10
      objectReference: {fileID: 0}
    - target: {fileID: 6922750985422139533, guid: 7f310a3f082154c8d8fcc4b69c41e50c,
        type: 3}
      propertyPath: m_LocalPosition.y
      value: 3.5
      objectReference: {fileID: 0}
    - target: {fileID: 6922750985422139533, guid: 7f310a3f082154c8d8fcc4b69c41e50c,
        type: 3}
      propertyPath: m_LocalPosition.z
      value: 0
      objectReference: {fileID: 0}
    - target: {fileID: 6922750985422139533, guid: 7f310a3f082154c8d8fcc4b69c41e50c,
        type: 3}
      propertyPath: m_LocalRotation.x
      value: 0
      objectReference: {fileID: 0}
    - target: {fileID: 6922750985422139533, guid: 7f310a3f082154c8d8fcc4b69c41e50c,
        type: 3}
      propertyPath: m_LocalRotation.y
      value: 0
      objectReference: {fileID: 0}
    - target: {fileID: 6922750985422139533, guid: 7f310a3f082154c8d8fcc4b69c41e50c,
        type: 3}
      propertyPath: m_LocalRotation.z
      value: 0
      objectReference: {fileID: 0}
    - target: {fileID: 6922750985422139533, guid: 7f310a3f082154c8d8fcc4b69c41e50c,
        type: 3}
      propertyPath: m_LocalRotation.w
      value: 1
      objectReference: {fileID: 0}
    - target: {fileID: 6922750985422139533, guid: 7f310a3f082154c8d8fcc4b69c41e50c,
        type: 3}
      propertyPath: m_RootOrder
      value: 6
      objectReference: {fileID: 0}
    - target: {fileID: 6922750985422139533, guid: 7f310a3f082154c8d8fcc4b69c41e50c,
        type: 3}
      propertyPath: m_LocalEulerAnglesHint.x
      value: 0
      objectReference: {fileID: 0}
    - target: {fileID: 6922750985422139533, guid: 7f310a3f082154c8d8fcc4b69c41e50c,
        type: 3}
      propertyPath: m_LocalEulerAnglesHint.y
      value: 0
      objectReference: {fileID: 0}
    - target: {fileID: 6922750985422139533, guid: 7f310a3f082154c8d8fcc4b69c41e50c,
        type: 3}
      propertyPath: m_LocalEulerAnglesHint.z
      value: 0
      objectReference: {fileID: 0}
    - target: {fileID: 6922750985422139533, guid: 7f310a3f082154c8d8fcc4b69c41e50c,
        type: 3}
      propertyPath: m_LocalScale.y
      value: 6.8153124
      objectReference: {fileID: 0}
    - target: {fileID: 6922750985422139533, guid: 7f310a3f082154c8d8fcc4b69c41e50c,
        type: 3}
      propertyPath: m_LocalScale.x
      value: 0.775
      objectReference: {fileID: 0}
    - target: {fileID: 8948983915725335654, guid: 7f310a3f082154c8d8fcc4b69c41e50c,
        type: 3}
      propertyPath: m_BodyType
      value: 1
      objectReference: {fileID: 0}
    - target: {fileID: 8948983915725335654, guid: 7f310a3f082154c8d8fcc4b69c41e50c,
        type: 3}
      propertyPath: m_UseFullKinematicContacts
      value: 1
      objectReference: {fileID: 0}
    m_RemovedComponents: []
  m_SourcePrefab: {fileID: 100100000, guid: 7f310a3f082154c8d8fcc4b69c41e50c, type: 3}
--- !u!1 &1203442658
GameObject:
  m_ObjectHideFlags: 0
  m_CorrespondingSourceObject: {fileID: 0}
  m_PrefabInstance: {fileID: 0}
  m_PrefabAsset: {fileID: 0}
  serializedVersion: 6
  m_Component:
  - component: {fileID: 1203442659}
  m_Layer: 0
  m_Name: Level
  m_TagString: Untagged
  m_Icon: {fileID: 0}
  m_NavMeshLayer: 0
  m_StaticEditorFlags: 0
  m_IsActive: 1
--- !u!4 &1203442659
Transform:
  m_ObjectHideFlags: 0
  m_CorrespondingSourceObject: {fileID: 0}
  m_PrefabInstance: {fileID: 0}
  m_PrefabAsset: {fileID: 0}
  m_GameObject: {fileID: 1203442658}
  m_LocalRotation: {x: 0, y: 0, z: 0, w: 1}
  m_LocalPosition: {x: 0, y: 0, z: 0}
  m_LocalScale: {x: 1, y: 1, z: 1}
  m_Children:
  - {fileID: 1584480844}
  - {fileID: 2061096924}
  - {fileID: 199143156}
  - {fileID: 839875241}
  - {fileID: 942272646}
  - {fileID: 1563827465}
  m_Father: {fileID: 0}
  m_RootOrder: 10
  m_LocalEulerAnglesHint: {x: 0, y: 0, z: 0}
--- !u!1001 &1208209422
PrefabInstance:
  m_ObjectHideFlags: 0
  serializedVersion: 2
  m_Modification:
    m_TransformParent: {fileID: 0}
    m_Modifications:
    - target: {fileID: 7032853640288024347, guid: b17f0953710a146af846f60731d52e26,
        type: 3}
      propertyPath: m_Name
      value: OrbitMovePoint Variant (4)
      objectReference: {fileID: 0}
    - target: {fileID: 7032853640288024346, guid: b17f0953710a146af846f60731d52e26,
        type: 3}
      propertyPath: m_LocalPosition.x
      value: -10
      objectReference: {fileID: 0}
    - target: {fileID: 7032853640288024346, guid: b17f0953710a146af846f60731d52e26,
        type: 3}
      propertyPath: m_LocalPosition.y
      value: -4.31
      objectReference: {fileID: 0}
    - target: {fileID: 7032853640288024346, guid: b17f0953710a146af846f60731d52e26,
        type: 3}
      propertyPath: m_LocalPosition.z
      value: 0
      objectReference: {fileID: 0}
    - target: {fileID: 7032853640288024346, guid: b17f0953710a146af846f60731d52e26,
        type: 3}
      propertyPath: m_LocalRotation.x
      value: 0
      objectReference: {fileID: 0}
    - target: {fileID: 7032853640288024346, guid: b17f0953710a146af846f60731d52e26,
        type: 3}
      propertyPath: m_LocalRotation.y
      value: 0
      objectReference: {fileID: 0}
    - target: {fileID: 7032853640288024346, guid: b17f0953710a146af846f60731d52e26,
        type: 3}
      propertyPath: m_LocalRotation.z
      value: 0
      objectReference: {fileID: 0}
    - target: {fileID: 7032853640288024346, guid: b17f0953710a146af846f60731d52e26,
        type: 3}
      propertyPath: m_LocalRotation.w
      value: 1
      objectReference: {fileID: 0}
    - target: {fileID: 7032853640288024346, guid: b17f0953710a146af846f60731d52e26,
        type: 3}
      propertyPath: m_RootOrder
      value: 1
      objectReference: {fileID: 0}
    - target: {fileID: 7032853640288024346, guid: b17f0953710a146af846f60731d52e26,
        type: 3}
      propertyPath: m_LocalEulerAnglesHint.x
      value: 0
      objectReference: {fileID: 0}
    - target: {fileID: 7032853640288024346, guid: b17f0953710a146af846f60731d52e26,
        type: 3}
      propertyPath: m_LocalEulerAnglesHint.y
      value: 0
      objectReference: {fileID: 0}
    - target: {fileID: 7032853640288024346, guid: b17f0953710a146af846f60731d52e26,
        type: 3}
      propertyPath: m_LocalEulerAnglesHint.z
      value: 0
      objectReference: {fileID: 0}
    m_RemovedComponents: []
  m_SourcePrefab: {fileID: 100100000, guid: b17f0953710a146af846f60731d52e26, type: 3}
--- !u!1 &1261790365 stripped
GameObject:
  m_CorrespondingSourceObject: {fileID: 82607428625363642, guid: 7f310a3f082154c8d8fcc4b69c41e50c,
    type: 3}
  m_PrefabInstance: {fileID: 1810569880}
  m_PrefabAsset: {fileID: 0}
--- !u!95 &1261790366
Animator:
  serializedVersion: 3
  m_ObjectHideFlags: 0
  m_CorrespondingSourceObject: {fileID: 0}
  m_PrefabInstance: {fileID: 0}
  m_PrefabAsset: {fileID: 0}
  m_GameObject: {fileID: 1261790365}
  m_Enabled: 1
  m_Avatar: {fileID: 0}
  m_Controller: {fileID: 9100000, guid: 9ae804fed4d9146c9b45a4e8437155c1, type: 2}
  m_CullingMode: 0
  m_UpdateMode: 0
  m_ApplyRootMotion: 0
  m_LinearVelocityBlending: 0
  m_WarningMessage: 
  m_HasTransformHierarchy: 1
  m_AllowConstantClipSamplingOptimization: 1
  m_KeepAnimatorControllerStateOnDisable: 0
--- !u!1001 &1333063244
PrefabInstance:
  m_ObjectHideFlags: 0
  serializedVersion: 2
  m_Modification:
    m_TransformParent: {fileID: 0}
    m_Modifications:
    - target: {fileID: 7032853640288024347, guid: b17f0953710a146af846f60731d52e26,
        type: 3}
      propertyPath: m_Name
      value: OrbitMovePoint Variant (7)
      objectReference: {fileID: 0}
    - target: {fileID: 7032853640288024346, guid: b17f0953710a146af846f60731d52e26,
        type: 3}
      propertyPath: m_LocalPosition.x
      value: 20.04
      objectReference: {fileID: 0}
    - target: {fileID: 7032853640288024346, guid: b17f0953710a146af846f60731d52e26,
        type: 3}
      propertyPath: m_LocalPosition.y
      value: -3.5
      objectReference: {fileID: 0}
    - target: {fileID: 7032853640288024346, guid: b17f0953710a146af846f60731d52e26,
        type: 3}
      propertyPath: m_LocalPosition.z
      value: 0
      objectReference: {fileID: 0}
    - target: {fileID: 7032853640288024346, guid: b17f0953710a146af846f60731d52e26,
        type: 3}
      propertyPath: m_LocalRotation.x
      value: 0
      objectReference: {fileID: 0}
    - target: {fileID: 7032853640288024346, guid: b17f0953710a146af846f60731d52e26,
        type: 3}
      propertyPath: m_LocalRotation.y
      value: 0
      objectReference: {fileID: 0}
    - target: {fileID: 7032853640288024346, guid: b17f0953710a146af846f60731d52e26,
        type: 3}
      propertyPath: m_LocalRotation.z
      value: 0
      objectReference: {fileID: 0}
    - target: {fileID: 7032853640288024346, guid: b17f0953710a146af846f60731d52e26,
        type: 3}
      propertyPath: m_LocalRotation.w
      value: 1
      objectReference: {fileID: 0}
    - target: {fileID: 7032853640288024346, guid: b17f0953710a146af846f60731d52e26,
        type: 3}
      propertyPath: m_RootOrder
      value: 18
      objectReference: {fileID: 0}
    - target: {fileID: 7032853640288024346, guid: b17f0953710a146af846f60731d52e26,
        type: 3}
      propertyPath: m_LocalEulerAnglesHint.x
      value: 0
      objectReference: {fileID: 0}
    - target: {fileID: 7032853640288024346, guid: b17f0953710a146af846f60731d52e26,
        type: 3}
      propertyPath: m_LocalEulerAnglesHint.y
      value: 0
      objectReference: {fileID: 0}
    - target: {fileID: 7032853640288024346, guid: b17f0953710a146af846f60731d52e26,
        type: 3}
      propertyPath: m_LocalEulerAnglesHint.z
      value: 0
      objectReference: {fileID: 0}
    m_RemovedComponents: []
  m_SourcePrefab: {fileID: 100100000, guid: b17f0953710a146af846f60731d52e26, type: 3}
--- !u!1 &1418962934 stripped
GameObject:
  m_CorrespondingSourceObject: {fileID: 82607428625363642, guid: 7f310a3f082154c8d8fcc4b69c41e50c,
    type: 3}
  m_PrefabInstance: {fileID: 1196009024}
  m_PrefabAsset: {fileID: 0}
--- !u!95 &1418962935
Animator:
  serializedVersion: 3
  m_ObjectHideFlags: 0
  m_CorrespondingSourceObject: {fileID: 0}
  m_PrefabInstance: {fileID: 0}
  m_PrefabAsset: {fileID: 0}
  m_GameObject: {fileID: 1418962934}
  m_Enabled: 1
  m_Avatar: {fileID: 0}
  m_Controller: {fileID: 9100000, guid: 9ae804fed4d9146c9b45a4e8437155c1, type: 2}
  m_CullingMode: 0
  m_UpdateMode: 0
  m_ApplyRootMotion: 0
  m_LinearVelocityBlending: 0
  m_WarningMessage: 
  m_HasTransformHierarchy: 1
  m_AllowConstantClipSamplingOptimization: 1
  m_KeepAnimatorControllerStateOnDisable: 0
--- !u!114 &1503844627 stripped
MonoBehaviour:
  m_CorrespondingSourceObject: {fileID: 8982661929510387733, guid: 299bd35831e0049ee9803cd0a0c3d172,
    type: 3}
  m_PrefabInstance: {fileID: 1665001302}
  m_PrefabAsset: {fileID: 0}
  m_GameObject: {fileID: 0}
  m_Enabled: 1
  m_EditorHideFlags: 0
  m_Script: {fileID: 11500000, guid: f4688fdb7df04437aeb418b961361dc5, type: 3}
  m_Name: 
  m_EditorClassIdentifier: 
--- !u!1001 &1563827464
PrefabInstance:
  m_ObjectHideFlags: 0
  serializedVersion: 2
  m_Modification:
    m_TransformParent: {fileID: 1203442659}
    m_Modifications:
    - target: {fileID: 6151021632861467192, guid: 41e2ef31e7c4a4a178559d3214ca90c1,
        type: 3}
      propertyPath: m_Name
      value: Wall (6)
      objectReference: {fileID: 0}
    - target: {fileID: 6151021632861467175, guid: 41e2ef31e7c4a4a178559d3214ca90c1,
        type: 3}
      propertyPath: m_LocalPosition.x
      value: 37.36
      objectReference: {fileID: 0}
    - target: {fileID: 6151021632861467175, guid: 41e2ef31e7c4a4a178559d3214ca90c1,
        type: 3}
      propertyPath: m_LocalPosition.y
      value: -8.3
      objectReference: {fileID: 0}
    - target: {fileID: 6151021632861467175, guid: 41e2ef31e7c4a4a178559d3214ca90c1,
        type: 3}
      propertyPath: m_LocalPosition.z
      value: -0.2113544
      objectReference: {fileID: 0}
    - target: {fileID: 6151021632861467175, guid: 41e2ef31e7c4a4a178559d3214ca90c1,
        type: 3}
      propertyPath: m_LocalRotation.x
      value: -0
      objectReference: {fileID: 0}
    - target: {fileID: 6151021632861467175, guid: 41e2ef31e7c4a4a178559d3214ca90c1,
        type: 3}
      propertyPath: m_LocalRotation.y
      value: -0
      objectReference: {fileID: 0}
    - target: {fileID: 6151021632861467175, guid: 41e2ef31e7c4a4a178559d3214ca90c1,
        type: 3}
      propertyPath: m_LocalRotation.z
      value: 0.7071068
      objectReference: {fileID: 0}
    - target: {fileID: 6151021632861467175, guid: 41e2ef31e7c4a4a178559d3214ca90c1,
        type: 3}
      propertyPath: m_LocalRotation.w
      value: 0.7071068
      objectReference: {fileID: 0}
    - target: {fileID: 6151021632861467175, guid: 41e2ef31e7c4a4a178559d3214ca90c1,
        type: 3}
      propertyPath: m_RootOrder
      value: 6
      objectReference: {fileID: 0}
    - target: {fileID: 6151021632861467175, guid: 41e2ef31e7c4a4a178559d3214ca90c1,
        type: 3}
      propertyPath: m_LocalEulerAnglesHint.x
      value: 0
      objectReference: {fileID: 0}
    - target: {fileID: 6151021632861467175, guid: 41e2ef31e7c4a4a178559d3214ca90c1,
        type: 3}
      propertyPath: m_LocalEulerAnglesHint.y
      value: 0
      objectReference: {fileID: 0}
    - target: {fileID: 6151021632861467175, guid: 41e2ef31e7c4a4a178559d3214ca90c1,
        type: 3}
      propertyPath: m_LocalEulerAnglesHint.z
      value: 90
      objectReference: {fileID: 0}
    - target: {fileID: 6151021632861467175, guid: 41e2ef31e7c4a4a178559d3214ca90c1,
        type: 3}
      propertyPath: m_LocalScale.y
      value: 9.246452
      objectReference: {fileID: 0}
    - target: {fileID: 6151021632861467175, guid: 41e2ef31e7c4a4a178559d3214ca90c1,
        type: 3}
      propertyPath: m_LocalScale.x
      value: 1.0000005
      objectReference: {fileID: 0}
    m_RemovedComponents: []
  m_SourcePrefab: {fileID: 100100000, guid: 41e2ef31e7c4a4a178559d3214ca90c1, type: 3}
--- !u!4 &1563827465 stripped
Transform:
  m_CorrespondingSourceObject: {fileID: 6151021632861467175, guid: 41e2ef31e7c4a4a178559d3214ca90c1,
    type: 3}
  m_PrefabInstance: {fileID: 1563827464}
  m_PrefabAsset: {fileID: 0}
--- !u!1001 &1584480843
PrefabInstance:
  m_ObjectHideFlags: 0
  serializedVersion: 2
  m_Modification:
    m_TransformParent: {fileID: 1203442659}
    m_Modifications:
    - target: {fileID: 6151021632861467192, guid: 41e2ef31e7c4a4a178559d3214ca90c1,
        type: 3}
      propertyPath: m_Name
      value: Wall (1)
      objectReference: {fileID: 0}
    - target: {fileID: 6151021632861467175, guid: 41e2ef31e7c4a4a178559d3214ca90c1,
        type: 3}
      propertyPath: m_LocalPosition.x
      value: -23.91
      objectReference: {fileID: 0}
    - target: {fileID: 6151021632861467175, guid: 41e2ef31e7c4a4a178559d3214ca90c1,
        type: 3}
      propertyPath: m_LocalPosition.y
      value: -0.044
      objectReference: {fileID: 0}
    - target: {fileID: 6151021632861467175, guid: 41e2ef31e7c4a4a178559d3214ca90c1,
        type: 3}
      propertyPath: m_LocalPosition.z
      value: -0.2113544
      objectReference: {fileID: 0}
    - target: {fileID: 6151021632861467175, guid: 41e2ef31e7c4a4a178559d3214ca90c1,
        type: 3}
      propertyPath: m_LocalRotation.x
      value: -0
      objectReference: {fileID: 0}
    - target: {fileID: 6151021632861467175, guid: 41e2ef31e7c4a4a178559d3214ca90c1,
        type: 3}
      propertyPath: m_LocalRotation.y
      value: -0
      objectReference: {fileID: 0}
    - target: {fileID: 6151021632861467175, guid: 41e2ef31e7c4a4a178559d3214ca90c1,
        type: 3}
      propertyPath: m_LocalRotation.z
      value: -0
      objectReference: {fileID: 0}
    - target: {fileID: 6151021632861467175, guid: 41e2ef31e7c4a4a178559d3214ca90c1,
        type: 3}
      propertyPath: m_LocalRotation.w
      value: 1
      objectReference: {fileID: 0}
    - target: {fileID: 6151021632861467175, guid: 41e2ef31e7c4a4a178559d3214ca90c1,
        type: 3}
      propertyPath: m_RootOrder
      value: 1
      objectReference: {fileID: 0}
    - target: {fileID: 6151021632861467175, guid: 41e2ef31e7c4a4a178559d3214ca90c1,
        type: 3}
      propertyPath: m_LocalEulerAnglesHint.x
      value: 0
      objectReference: {fileID: 0}
    - target: {fileID: 6151021632861467175, guid: 41e2ef31e7c4a4a178559d3214ca90c1,
        type: 3}
      propertyPath: m_LocalEulerAnglesHint.y
      value: 0
      objectReference: {fileID: 0}
    - target: {fileID: 6151021632861467175, guid: 41e2ef31e7c4a4a178559d3214ca90c1,
        type: 3}
      propertyPath: m_LocalEulerAnglesHint.z
      value: 0
      objectReference: {fileID: 0}
    - target: {fileID: 6151021632861467175, guid: 41e2ef31e7c4a4a178559d3214ca90c1,
        type: 3}
      propertyPath: m_LocalScale.y
      value: 27.955969
      objectReference: {fileID: 0}
    m_RemovedComponents: []
  m_SourcePrefab: {fileID: 100100000, guid: 41e2ef31e7c4a4a178559d3214ca90c1, type: 3}
--- !u!4 &1584480844 stripped
Transform:
  m_CorrespondingSourceObject: {fileID: 6151021632861467175, guid: 41e2ef31e7c4a4a178559d3214ca90c1,
    type: 3}
  m_PrefabInstance: {fileID: 1584480843}
  m_PrefabAsset: {fileID: 0}
--- !u!1 &1620674720 stripped
GameObject:
  m_CorrespondingSourceObject: {fileID: 82607428625363642, guid: 7f310a3f082154c8d8fcc4b69c41e50c,
    type: 3}
  m_PrefabInstance: {fileID: 460574003}
  m_PrefabAsset: {fileID: 0}
--- !u!95 &1620674721
Animator:
  serializedVersion: 3
  m_ObjectHideFlags: 0
  m_CorrespondingSourceObject: {fileID: 0}
  m_PrefabInstance: {fileID: 0}
  m_PrefabAsset: {fileID: 0}
  m_GameObject: {fileID: 1620674720}
  m_Enabled: 1
  m_Avatar: {fileID: 0}
  m_Controller: {fileID: 9100000, guid: 9ae804fed4d9146c9b45a4e8437155c1, type: 2}
  m_CullingMode: 0
  m_UpdateMode: 0
  m_ApplyRootMotion: 0
  m_LinearVelocityBlending: 0
  m_WarningMessage: 
  m_HasTransformHierarchy: 1
  m_AllowConstantClipSamplingOptimization: 1
  m_KeepAnimatorControllerStateOnDisable: 0
--- !u!1001 &1665001302
PrefabInstance:
  m_ObjectHideFlags: 0
  serializedVersion: 2
  m_Modification:
    m_TransformParent: {fileID: 0}
    m_Modifications:
    - target: {fileID: 8982661930112945664, guid: 299bd35831e0049ee9803cd0a0c3d172,
        type: 3}
      propertyPath: m_Name
      value: Canvas
      objectReference: {fileID: 0}
    - target: {fileID: 8982661929510387733, guid: 299bd35831e0049ee9803cd0a0c3d172,
        type: 3}
      propertyPath: m_havePropertiesChanged
      value: 1
      objectReference: {fileID: 0}
    - target: {fileID: 8982661929510387733, guid: 299bd35831e0049ee9803cd0a0c3d172,
        type: 3}
      propertyPath: m_isInputParsingRequired
      value: 1
      objectReference: {fileID: 0}
    - target: {fileID: 8982661930112945679, guid: 299bd35831e0049ee9803cd0a0c3d172,
        type: 3}
      propertyPath: m_LocalPosition.x
      value: 0
      objectReference: {fileID: 0}
    - target: {fileID: 8982661930112945679, guid: 299bd35831e0049ee9803cd0a0c3d172,
        type: 3}
      propertyPath: m_LocalPosition.y
      value: 0
      objectReference: {fileID: 0}
    - target: {fileID: 8982661930112945679, guid: 299bd35831e0049ee9803cd0a0c3d172,
        type: 3}
      propertyPath: m_LocalPosition.z
      value: 0
      objectReference: {fileID: 0}
    - target: {fileID: 8982661930112945679, guid: 299bd35831e0049ee9803cd0a0c3d172,
        type: 3}
      propertyPath: m_LocalRotation.x
      value: 0
      objectReference: {fileID: 0}
    - target: {fileID: 8982661930112945679, guid: 299bd35831e0049ee9803cd0a0c3d172,
        type: 3}
      propertyPath: m_LocalRotation.y
      value: 0
      objectReference: {fileID: 0}
    - target: {fileID: 8982661930112945679, guid: 299bd35831e0049ee9803cd0a0c3d172,
        type: 3}
      propertyPath: m_LocalRotation.z
      value: 0
      objectReference: {fileID: 0}
    - target: {fileID: 8982661930112945679, guid: 299bd35831e0049ee9803cd0a0c3d172,
        type: 3}
      propertyPath: m_LocalRotation.w
      value: 1
      objectReference: {fileID: 0}
    - target: {fileID: 8982661930112945679, guid: 299bd35831e0049ee9803cd0a0c3d172,
        type: 3}
      propertyPath: m_RootOrder
      value: 8
      objectReference: {fileID: 0}
    - target: {fileID: 8982661930112945679, guid: 299bd35831e0049ee9803cd0a0c3d172,
        type: 3}
      propertyPath: m_LocalEulerAnglesHint.x
      value: 0
      objectReference: {fileID: 0}
    - target: {fileID: 8982661930112945679, guid: 299bd35831e0049ee9803cd0a0c3d172,
        type: 3}
      propertyPath: m_LocalEulerAnglesHint.y
      value: 0
      objectReference: {fileID: 0}
    - target: {fileID: 8982661930112945679, guid: 299bd35831e0049ee9803cd0a0c3d172,
        type: 3}
      propertyPath: m_LocalEulerAnglesHint.z
      value: 0
      objectReference: {fileID: 0}
    - target: {fileID: 8982661930112945679, guid: 299bd35831e0049ee9803cd0a0c3d172,
        type: 3}
      propertyPath: m_AnchoredPosition.x
      value: 0
      objectReference: {fileID: 0}
    - target: {fileID: 8982661930112945679, guid: 299bd35831e0049ee9803cd0a0c3d172,
        type: 3}
      propertyPath: m_AnchoredPosition.y
      value: 0
      objectReference: {fileID: 0}
    - target: {fileID: 8982661930112945679, guid: 299bd35831e0049ee9803cd0a0c3d172,
        type: 3}
      propertyPath: m_SizeDelta.x
      value: 0
      objectReference: {fileID: 0}
    - target: {fileID: 8982661930112945679, guid: 299bd35831e0049ee9803cd0a0c3d172,
        type: 3}
      propertyPath: m_SizeDelta.y
      value: 0
      objectReference: {fileID: 0}
    - target: {fileID: 8982661930112945679, guid: 299bd35831e0049ee9803cd0a0c3d172,
        type: 3}
      propertyPath: m_AnchorMin.x
      value: 0
      objectReference: {fileID: 0}
    - target: {fileID: 8982661930112945679, guid: 299bd35831e0049ee9803cd0a0c3d172,
        type: 3}
      propertyPath: m_AnchorMin.y
      value: 0
      objectReference: {fileID: 0}
    - target: {fileID: 8982661930112945679, guid: 299bd35831e0049ee9803cd0a0c3d172,
        type: 3}
      propertyPath: m_AnchorMax.x
      value: 0
      objectReference: {fileID: 0}
    - target: {fileID: 8982661930112945679, guid: 299bd35831e0049ee9803cd0a0c3d172,
        type: 3}
      propertyPath: m_AnchorMax.y
      value: 0
      objectReference: {fileID: 0}
    - target: {fileID: 8982661930112945679, guid: 299bd35831e0049ee9803cd0a0c3d172,
        type: 3}
      propertyPath: m_Pivot.x
      value: 0
      objectReference: {fileID: 0}
    - target: {fileID: 8982661930112945679, guid: 299bd35831e0049ee9803cd0a0c3d172,
        type: 3}
      propertyPath: m_Pivot.y
      value: 0
      objectReference: {fileID: 0}
    - target: {fileID: 8982661929510387732, guid: 299bd35831e0049ee9803cd0a0c3d172,
        type: 3}
      propertyPath: m_AnchoredPosition.x
      value: 14.099976
      objectReference: {fileID: 0}
    m_RemovedComponents: []
  m_SourcePrefab: {fileID: 100100000, guid: 299bd35831e0049ee9803cd0a0c3d172, type: 3}
--- !u!1 &1681951029
GameObject:
  m_ObjectHideFlags: 0
  m_CorrespondingSourceObject: {fileID: 0}
  m_PrefabInstance: {fileID: 0}
  m_PrefabAsset: {fileID: 0}
  serializedVersion: 6
  m_Component:
  - component: {fileID: 1681951031}
  - component: {fileID: 1681951030}
  m_Layer: 0
  m_Name: GameManager
  m_TagString: Untagged
  m_Icon: {fileID: 0}
  m_NavMeshLayer: 0
  m_StaticEditorFlags: 0
  m_IsActive: 1
--- !u!114 &1681951030
MonoBehaviour:
  m_ObjectHideFlags: 0
  m_CorrespondingSourceObject: {fileID: 0}
  m_PrefabInstance: {fileID: 0}
  m_PrefabAsset: {fileID: 0}
  m_GameObject: {fileID: 1681951029}
  m_Enabled: 1
  m_EditorHideFlags: 0
  m_Script: {fileID: 11500000, guid: 1adab02829af64231ac57724b64d86f8, type: 3}
  m_Name: 
  m_EditorClassIdentifier: 
  m_percentageText: {fileID: 1503844627}
--- !u!4 &1681951031
Transform:
  m_ObjectHideFlags: 0
  m_CorrespondingSourceObject: {fileID: 0}
  m_PrefabInstance: {fileID: 0}
  m_PrefabAsset: {fileID: 0}
  m_GameObject: {fileID: 1681951029}
  m_LocalRotation: {x: 0, y: 0, z: 0, w: 1}
  m_LocalPosition: {x: 0, y: 0, z: 0}
  m_LocalScale: {x: 1, y: 1, z: 1}
  m_Children: []
  m_Father: {fileID: 0}
  m_RootOrder: 12
  m_LocalEulerAnglesHint: {x: 0, y: 0, z: 0}
--- !u!1001 &1721850998
PrefabInstance:
  m_ObjectHideFlags: 0
  serializedVersion: 2
  m_Modification:
    m_TransformParent: {fileID: 0}
    m_Modifications:
    - target: {fileID: 7032853640288024347, guid: b17f0953710a146af846f60731d52e26,
        type: 3}
      propertyPath: m_Name
      value: OrbitMovePoint Variant (2)
      objectReference: {fileID: 0}
    - target: {fileID: 7032853640288024346, guid: b17f0953710a146af846f60731d52e26,
        type: 3}
      propertyPath: m_LocalPosition.x
      value: 14.5
      objectReference: {fileID: 0}
    - target: {fileID: 7032853640288024346, guid: b17f0953710a146af846f60731d52e26,
        type: 3}
      propertyPath: m_LocalPosition.y
      value: 3.5
      objectReference: {fileID: 0}
    - target: {fileID: 7032853640288024346, guid: b17f0953710a146af846f60731d52e26,
        type: 3}
      propertyPath: m_LocalPosition.z
      value: 0
      objectReference: {fileID: 0}
    - target: {fileID: 7032853640288024346, guid: b17f0953710a146af846f60731d52e26,
        type: 3}
      propertyPath: m_LocalRotation.x
      value: 0
      objectReference: {fileID: 0}
    - target: {fileID: 7032853640288024346, guid: b17f0953710a146af846f60731d52e26,
        type: 3}
      propertyPath: m_LocalRotation.y
      value: 0
      objectReference: {fileID: 0}
    - target: {fileID: 7032853640288024346, guid: b17f0953710a146af846f60731d52e26,
        type: 3}
      propertyPath: m_LocalRotation.z
      value: 0
      objectReference: {fileID: 0}
    - target: {fileID: 7032853640288024346, guid: b17f0953710a146af846f60731d52e26,
        type: 3}
      propertyPath: m_LocalRotation.w
      value: 1
      objectReference: {fileID: 0}
    - target: {fileID: 7032853640288024346, guid: b17f0953710a146af846f60731d52e26,
        type: 3}
      propertyPath: m_RootOrder
      value: 3
      objectReference: {fileID: 0}
    - target: {fileID: 7032853640288024346, guid: b17f0953710a146af846f60731d52e26,
        type: 3}
      propertyPath: m_LocalEulerAnglesHint.x
      value: 0
      objectReference: {fileID: 0}
    - target: {fileID: 7032853640288024346, guid: b17f0953710a146af846f60731d52e26,
        type: 3}
      propertyPath: m_LocalEulerAnglesHint.y
      value: 0
      objectReference: {fileID: 0}
    - target: {fileID: 7032853640288024346, guid: b17f0953710a146af846f60731d52e26,
        type: 3}
      propertyPath: m_LocalEulerAnglesHint.z
      value: 0
      objectReference: {fileID: 0}
    m_RemovedComponents: []
  m_SourcePrefab: {fileID: 100100000, guid: b17f0953710a146af846f60731d52e26, type: 3}
--- !u!1001 &1810569880
PrefabInstance:
  m_ObjectHideFlags: 0
  serializedVersion: 2
  m_Modification:
    m_TransformParent: {fileID: 0}
    m_Modifications:
    - target: {fileID: 82607428625363642, guid: 7f310a3f082154c8d8fcc4b69c41e50c,
        type: 3}
      propertyPath: m_Name
      value: Moving (3)
      objectReference: {fileID: 0}
    - target: {fileID: 6922750985422139533, guid: 7f310a3f082154c8d8fcc4b69c41e50c,
        type: 3}
      propertyPath: m_LocalPosition.x
      value: 10
      objectReference: {fileID: 0}
    - target: {fileID: 6922750985422139533, guid: 7f310a3f082154c8d8fcc4b69c41e50c,
        type: 3}
      propertyPath: m_LocalPosition.y
      value: 3.5
      objectReference: {fileID: 0}
    - target: {fileID: 6922750985422139533, guid: 7f310a3f082154c8d8fcc4b69c41e50c,
        type: 3}
      propertyPath: m_LocalPosition.z
      value: 0
      objectReference: {fileID: 0}
    - target: {fileID: 6922750985422139533, guid: 7f310a3f082154c8d8fcc4b69c41e50c,
        type: 3}
      propertyPath: m_LocalRotation.x
      value: 0
      objectReference: {fileID: 0}
    - target: {fileID: 6922750985422139533, guid: 7f310a3f082154c8d8fcc4b69c41e50c,
        type: 3}
      propertyPath: m_LocalRotation.y
      value: 0
      objectReference: {fileID: 0}
    - target: {fileID: 6922750985422139533, guid: 7f310a3f082154c8d8fcc4b69c41e50c,
        type: 3}
      propertyPath: m_LocalRotation.z
      value: 0
      objectReference: {fileID: 0}
    - target: {fileID: 6922750985422139533, guid: 7f310a3f082154c8d8fcc4b69c41e50c,
        type: 3}
      propertyPath: m_LocalRotation.w
      value: 1
      objectReference: {fileID: 0}
    - target: {fileID: 6922750985422139533, guid: 7f310a3f082154c8d8fcc4b69c41e50c,
        type: 3}
      propertyPath: m_RootOrder
      value: 15
      objectReference: {fileID: 0}
    - target: {fileID: 6922750985422139533, guid: 7f310a3f082154c8d8fcc4b69c41e50c,
        type: 3}
      propertyPath: m_LocalEulerAnglesHint.x
      value: 0
      objectReference: {fileID: 0}
    - target: {fileID: 6922750985422139533, guid: 7f310a3f082154c8d8fcc4b69c41e50c,
        type: 3}
      propertyPath: m_LocalEulerAnglesHint.y
      value: 0
      objectReference: {fileID: 0}
    - target: {fileID: 6922750985422139533, guid: 7f310a3f082154c8d8fcc4b69c41e50c,
        type: 3}
      propertyPath: m_LocalEulerAnglesHint.z
      value: 0
      objectReference: {fileID: 0}
    - target: {fileID: 6922750985422139533, guid: 7f310a3f082154c8d8fcc4b69c41e50c,
        type: 3}
      propertyPath: m_LocalScale.y
      value: 6.8153124
      objectReference: {fileID: 0}
    - target: {fileID: 6922750985422139533, guid: 7f310a3f082154c8d8fcc4b69c41e50c,
        type: 3}
      propertyPath: m_LocalScale.x
      value: 0.775
      objectReference: {fileID: 0}
    - target: {fileID: 8948983915725335654, guid: 7f310a3f082154c8d8fcc4b69c41e50c,
        type: 3}
      propertyPath: m_BodyType
      value: 1
      objectReference: {fileID: 0}
    m_RemovedComponents: []
  m_SourcePrefab: {fileID: 100100000, guid: 7f310a3f082154c8d8fcc4b69c41e50c, type: 3}
--- !u!1 &2039053169
GameObject:
  m_ObjectHideFlags: 0
  m_CorrespondingSourceObject: {fileID: 0}
  m_PrefabInstance: {fileID: 0}
  m_PrefabAsset: {fileID: 0}
  serializedVersion: 6
  m_Component:
  - component: {fileID: 2039053172}
  - component: {fileID: 2039053171}
  - component: {fileID: 2039053170}
  m_Layer: 0
  m_Name: CameraController
  m_TagString: Untagged
  m_Icon: {fileID: 0}
  m_NavMeshLayer: 0
  m_StaticEditorFlags: 0
  m_IsActive: 1
--- !u!95 &2039053170
Animator:
  serializedVersion: 3
  m_ObjectHideFlags: 0
  m_CorrespondingSourceObject: {fileID: 0}
  m_PrefabInstance: {fileID: 0}
  m_PrefabAsset: {fileID: 0}
  m_GameObject: {fileID: 2039053169}
  m_Enabled: 1
  m_Avatar: {fileID: 0}
  m_Controller: {fileID: 9100000, guid: ce287e0450d1b4cbaad7f91612a93e59, type: 2}
  m_CullingMode: 0
  m_UpdateMode: 0
  m_ApplyRootMotion: 0
  m_LinearVelocityBlending: 0
  m_WarningMessage: 
  m_HasTransformHierarchy: 1
  m_AllowConstantClipSamplingOptimization: 1
  m_KeepAnimatorControllerStateOnDisable: 0
--- !u!114 &2039053171
MonoBehaviour:
  m_ObjectHideFlags: 0
  m_CorrespondingSourceObject: {fileID: 0}
  m_PrefabInstance: {fileID: 0}
  m_PrefabAsset: {fileID: 0}
  m_GameObject: {fileID: 2039053169}
  m_Enabled: 1
  m_EditorHideFlags: 0
  m_Script: {fileID: 11500000, guid: a025ca3469c5f447d9fb78d3d5b5871f, type: 3}
  m_Name: 
  m_EditorClassIdentifier: 
  m_smoothing: 0.15
  m_maxSpeed: 20
--- !u!4 &2039053172
Transform:
  m_ObjectHideFlags: 0
  m_CorrespondingSourceObject: {fileID: 0}
  m_PrefabInstance: {fileID: 0}
  m_PrefabAsset: {fileID: 0}
  m_GameObject: {fileID: 2039053169}
  m_LocalRotation: {x: -0, y: -0, z: -0, w: 1}
  m_LocalPosition: {x: 0, y: 0, z: 0}
  m_LocalScale: {x: 1, y: 1, z: 1}
  m_Children:
  - {fileID: 519420032}
  m_Father: {fileID: 0}
  m_RootOrder: 0
  m_LocalEulerAnglesHint: {x: 0, y: 0, z: 0}
--- !u!1001 &2061096923
PrefabInstance:
  m_ObjectHideFlags: 0
  serializedVersion: 2
  m_Modification:
    m_TransformParent: {fileID: 1203442659}
    m_Modifications:
    - target: {fileID: 6151021632861467192, guid: 41e2ef31e7c4a4a178559d3214ca90c1,
        type: 3}
      propertyPath: m_Name
      value: Wall (2)
      objectReference: {fileID: 0}
    - target: {fileID: 6151021632861467175, guid: 41e2ef31e7c4a4a178559d3214ca90c1,
        type: 3}
      propertyPath: m_LocalPosition.x
      value: 24.13
      objectReference: {fileID: 0}
    - target: {fileID: 6151021632861467175, guid: 41e2ef31e7c4a4a178559d3214ca90c1,
        type: 3}
      propertyPath: m_LocalPosition.y
      value: 0.071
      objectReference: {fileID: 0}
    - target: {fileID: 6151021632861467175, guid: 41e2ef31e7c4a4a178559d3214ca90c1,
        type: 3}
      propertyPath: m_LocalPosition.z
      value: -0.2113544
      objectReference: {fileID: 0}
    - target: {fileID: 6151021632861467175, guid: 41e2ef31e7c4a4a178559d3214ca90c1,
        type: 3}
      propertyPath: m_LocalRotation.x
      value: -0
      objectReference: {fileID: 0}
    - target: {fileID: 6151021632861467175, guid: 41e2ef31e7c4a4a178559d3214ca90c1,
        type: 3}
      propertyPath: m_LocalRotation.y
      value: -0
      objectReference: {fileID: 0}
    - target: {fileID: 6151021632861467175, guid: 41e2ef31e7c4a4a178559d3214ca90c1,
        type: 3}
      propertyPath: m_LocalRotation.z
      value: -0
      objectReference: {fileID: 0}
    - target: {fileID: 6151021632861467175, guid: 41e2ef31e7c4a4a178559d3214ca90c1,
        type: 3}
      propertyPath: m_LocalRotation.w
      value: 1
      objectReference: {fileID: 0}
    - target: {fileID: 6151021632861467175, guid: 41e2ef31e7c4a4a178559d3214ca90c1,
        type: 3}
      propertyPath: m_RootOrder
      value: 2
      objectReference: {fileID: 0}
    - target: {fileID: 6151021632861467175, guid: 41e2ef31e7c4a4a178559d3214ca90c1,
        type: 3}
      propertyPath: m_LocalEulerAnglesHint.x
      value: 0
      objectReference: {fileID: 0}
    - target: {fileID: 6151021632861467175, guid: 41e2ef31e7c4a4a178559d3214ca90c1,
        type: 3}
      propertyPath: m_LocalEulerAnglesHint.y
      value: 0
      objectReference: {fileID: 0}
    - target: {fileID: 6151021632861467175, guid: 41e2ef31e7c4a4a178559d3214ca90c1,
        type: 3}
      propertyPath: m_LocalEulerAnglesHint.z
      value: 0
      objectReference: {fileID: 0}
    - target: {fileID: 6151021632861467175, guid: 41e2ef31e7c4a4a178559d3214ca90c1,
        type: 3}
      propertyPath: m_LocalScale.y
      value: 27.732327
      objectReference: {fileID: 0}
    m_RemovedComponents: []
  m_SourcePrefab: {fileID: 100100000, guid: 41e2ef31e7c4a4a178559d3214ca90c1, type: 3}
--- !u!4 &2061096924 stripped
Transform:
  m_CorrespondingSourceObject: {fileID: 6151021632861467175, guid: 41e2ef31e7c4a4a178559d3214ca90c1,
    type: 3}
  m_PrefabInstance: {fileID: 2061096923}
  m_PrefabAsset: {fileID: 0}
--- !u!1001 &2111435346
PrefabInstance:
  m_ObjectHideFlags: 0
  serializedVersion: 2
  m_Modification:
    m_TransformParent: {fileID: 0}
    m_Modifications:
    - target: {fileID: 7032853640288024347, guid: b17f0953710a146af846f60731d52e26,
        type: 3}
      propertyPath: m_Name
      value: OrbitMovePoint Variant (5)
      objectReference: {fileID: 0}
    - target: {fileID: 7032853640288024346, guid: b17f0953710a146af846f60731d52e26,
        type: 3}
      propertyPath: m_LocalPosition.x
      value: -0.04
      objectReference: {fileID: 0}
    - target: {fileID: 7032853640288024346, guid: b17f0953710a146af846f60731d52e26,
        type: 3}
      propertyPath: m_LocalPosition.y
      value: -4
      objectReference: {fileID: 0}
    - target: {fileID: 7032853640288024346, guid: b17f0953710a146af846f60731d52e26,
        type: 3}
      propertyPath: m_LocalPosition.z
      value: 0
      objectReference: {fileID: 0}
    - target: {fileID: 7032853640288024346, guid: b17f0953710a146af846f60731d52e26,
        type: 3}
      propertyPath: m_LocalRotation.x
      value: 0
      objectReference: {fileID: 0}
    - target: {fileID: 7032853640288024346, guid: b17f0953710a146af846f60731d52e26,
        type: 3}
      propertyPath: m_LocalRotation.y
      value: 0
      objectReference: {fileID: 0}
    - target: {fileID: 7032853640288024346, guid: b17f0953710a146af846f60731d52e26,
        type: 3}
      propertyPath: m_LocalRotation.z
      value: 0
      objectReference: {fileID: 0}
    - target: {fileID: 7032853640288024346, guid: b17f0953710a146af846f60731d52e26,
        type: 3}
      propertyPath: m_LocalRotation.w
      value: 1
      objectReference: {fileID: 0}
    - target: {fileID: 7032853640288024346, guid: b17f0953710a146af846f60731d52e26,
        type: 3}
      propertyPath: m_RootOrder
      value: 16
      objectReference: {fileID: 0}
    - target: {fileID: 7032853640288024346, guid: b17f0953710a146af846f60731d52e26,
        type: 3}
      propertyPath: m_LocalEulerAnglesHint.x
      value: 0
      objectReference: {fileID: 0}
    - target: {fileID: 7032853640288024346, guid: b17f0953710a146af846f60731d52e26,
        type: 3}
      propertyPath: m_LocalEulerAnglesHint.y
      value: 0
      objectReference: {fileID: 0}
    - target: {fileID: 7032853640288024346, guid: b17f0953710a146af846f60731d52e26,
        type: 3}
      propertyPath: m_LocalEulerAnglesHint.z
      value: 0
      objectReference: {fileID: 0}
    m_RemovedComponents: []
  m_SourcePrefab: {fileID: 100100000, guid: b17f0953710a146af846f60731d52e26, type: 3}
--- !u!1001 &1862348324270525273
PrefabInstance:
  m_ObjectHideFlags: 0
  serializedVersion: 2
  m_Modification:
    m_TransformParent: {fileID: 0}
    m_Modifications:
    - target: {fileID: 1862348324873057080, guid: 2058f9614801f47648bbbe600c4ec925,
        type: 3}
      propertyPath: m_Name
      value: Player
      objectReference: {fileID: 0}
    - target: {fileID: 1862348324873057085, guid: 2058f9614801f47648bbbe600c4ec925,
        type: 3}
      propertyPath: m_LocalPosition.x
      value: -20.95
      objectReference: {fileID: 0}
    - target: {fileID: 1862348324873057085, guid: 2058f9614801f47648bbbe600c4ec925,
        type: 3}
      propertyPath: m_LocalPosition.y
      value: -11.09
      objectReference: {fileID: 0}
    - target: {fileID: 1862348324873057085, guid: 2058f9614801f47648bbbe600c4ec925,
        type: 3}
      propertyPath: m_LocalPosition.z
      value: 0
      objectReference: {fileID: 0}
    - target: {fileID: 1862348324873057085, guid: 2058f9614801f47648bbbe600c4ec925,
        type: 3}
      propertyPath: m_LocalRotation.x
      value: 0
      objectReference: {fileID: 0}
    - target: {fileID: 1862348324873057085, guid: 2058f9614801f47648bbbe600c4ec925,
        type: 3}
      propertyPath: m_LocalRotation.y
      value: 0
      objectReference: {fileID: 0}
    - target: {fileID: 1862348324873057085, guid: 2058f9614801f47648bbbe600c4ec925,
        type: 3}
      propertyPath: m_LocalRotation.z
      value: 0
      objectReference: {fileID: 0}
    - target: {fileID: 1862348324873057085, guid: 2058f9614801f47648bbbe600c4ec925,
        type: 3}
      propertyPath: m_LocalRotation.w
      value: 1
      objectReference: {fileID: 0}
    - target: {fileID: 1862348324873057085, guid: 2058f9614801f47648bbbe600c4ec925,
        type: 3}
      propertyPath: m_RootOrder
      value: 7
      objectReference: {fileID: 0}
    - target: {fileID: 1862348324873057085, guid: 2058f9614801f47648bbbe600c4ec925,
        type: 3}
      propertyPath: m_LocalEulerAnglesHint.x
      value: 0
      objectReference: {fileID: 0}
    - target: {fileID: 1862348324873057085, guid: 2058f9614801f47648bbbe600c4ec925,
        type: 3}
      propertyPath: m_LocalEulerAnglesHint.y
      value: 0
      objectReference: {fileID: 0}
    - target: {fileID: 1862348324873057085, guid: 2058f9614801f47648bbbe600c4ec925,
        type: 3}
      propertyPath: m_LocalEulerAnglesHint.z
      value: 0
      objectReference: {fileID: 0}
    - target: {fileID: 1862348324694386528, guid: 2058f9614801f47648bbbe600c4ec925,
        type: 3}
      propertyPath: m_Enabled
      value: 1
      objectReference: {fileID: 0}
    m_RemovedComponents: []
  m_SourcePrefab: {fileID: 100100000, guid: 2058f9614801f47648bbbe600c4ec925, type: 3}
--- !u!1001 &5255429429940741653
PrefabInstance:
  m_ObjectHideFlags: 0
  serializedVersion: 2
  m_Modification:
    m_TransformParent: {fileID: 0}
    m_Modifications:
    - target: {fileID: 5255429429520986763, guid: f2ffe13f2116140c780930accbf764cf,
        type: 3}
      propertyPath: m_Name
      value: CameraLookTrigger
      objectReference: {fileID: 0}
    - target: {fileID: 5255429429520986763, guid: f2ffe13f2116140c780930accbf764cf,
        type: 3}
      propertyPath: m_IsActive
      value: 0
      objectReference: {fileID: 0}
    - target: {fileID: 5255429429520986807, guid: f2ffe13f2116140c780930accbf764cf,
        type: 3}
      propertyPath: m_LocalPosition.x
      value: -6.26
      objectReference: {fileID: 0}
    - target: {fileID: 5255429429520986807, guid: f2ffe13f2116140c780930accbf764cf,
        type: 3}
      propertyPath: m_LocalPosition.y
      value: 4.72
      objectReference: {fileID: 0}
    - target: {fileID: 5255429429520986807, guid: f2ffe13f2116140c780930accbf764cf,
        type: 3}
      propertyPath: m_LocalPosition.z
      value: 10.99805
      objectReference: {fileID: 0}
    - target: {fileID: 5255429429520986807, guid: f2ffe13f2116140c780930accbf764cf,
        type: 3}
      propertyPath: m_LocalRotation.x
      value: 0
      objectReference: {fileID: 0}
    - target: {fileID: 5255429429520986807, guid: f2ffe13f2116140c780930accbf764cf,
        type: 3}
      propertyPath: m_LocalRotation.y
      value: 0
      objectReference: {fileID: 0}
    - target: {fileID: 5255429429520986807, guid: f2ffe13f2116140c780930accbf764cf,
        type: 3}
      propertyPath: m_LocalRotation.z
      value: 0
      objectReference: {fileID: 0}
    - target: {fileID: 5255429429520986807, guid: f2ffe13f2116140c780930accbf764cf,
        type: 3}
      propertyPath: m_LocalRotation.w
      value: 1
      objectReference: {fileID: 0}
    - target: {fileID: 5255429429520986807, guid: f2ffe13f2116140c780930accbf764cf,
        type: 3}
      propertyPath: m_RootOrder
      value: 9
      objectReference: {fileID: 0}
    - target: {fileID: 5255429429520986807, guid: f2ffe13f2116140c780930accbf764cf,
        type: 3}
      propertyPath: m_LocalEulerAnglesHint.x
      value: 0
      objectReference: {fileID: 0}
    - target: {fileID: 5255429429520986807, guid: f2ffe13f2116140c780930accbf764cf,
        type: 3}
      propertyPath: m_LocalEulerAnglesHint.y
      value: 0
      objectReference: {fileID: 0}
    - target: {fileID: 5255429429520986807, guid: f2ffe13f2116140c780930accbf764cf,
        type: 3}
      propertyPath: m_LocalEulerAnglesHint.z
      value: 0
      objectReference: {fileID: 0}
    m_RemovedComponents: []
  m_SourcePrefab: {fileID: 100100000, guid: f2ffe13f2116140c780930accbf764cf, type: 3}
